<record><leader>00000cas a22000007a 4500</leader><controlfield tag="001">12826927</controlfield><controlfield tag="008">851121d18781894nduwr ne      0    0eng d</controlfield><datafield ind1=" " ind2=" " tag="010"><subfield code="a">sn 85038610 </subfield></datafield><datafield ind1=" " ind2=" " tag="040"><subfield code="a">NPY</subfield><subfield code="b">eng</subfield><subfield code="c">NPY</subfield><subfield code="d">OCLCQ</subfield></datafield><datafield ind1=" " ind2=" " tag="042"><subfield code="a">msc</subfield></datafield><datafield ind1="0" ind2="4" tag="245"><subfield code="a">The Fargo Republican.</subfield></datafield><datafield ind1=" " ind2=" " tag="260"><subfield code="a">Fargo, Dak. [i.e. N.D.] :</subfield><subfield code="b">Argo Republican Co.</subfield></datafield><datafield ind1=" " ind2=" " tag="300"><subfield code="a">v. :</subfield><subfield code="b">ill. ;</subfield><subfield code="c">58 cm.</subfield></datafield><datafield ind1=" " ind2=" " tag="310"><subfield code="a">Weekly</subfield></datafield><datafield ind1="1" ind2=" " tag="362"><subfield code="a">Began in 1878; ceased in 1894.</subfield><subfield code="z">Cf. Gregory, W. Amer. newspapers.</subfield></datafield><datafield ind1=" " ind2=" " tag="580"><subfield code="a">Daily ed.: Daily Republican (Fargo, N.D.).</subfield></datafield><datafield ind1=" " ind2=" " tag="588"><subfield code="a">Description based on: 6th year, no. 14 (Dec. 5, 1883).</subfield></datafield><datafield ind1=" " ind2=" " tag="752"><subfield code="a">United States</subfield><subfield code="b">North Dakota</subfield><subfield code="c">Cass</subfield><subfield code="d">Fargo.</subfield></datafield><datafield ind1="1" ind2=" " tag="775"><subfield code="t">Daily Republican (Fargo, N.D.)</subfield></datafield><datafield ind1="0" ind2="7" tag="785"><subfield code="t">Fargo forum (Fargo, N.D. : Weekly)</subfield></datafield><datafield ind1="0" ind2="7" tag="785"><subfield code="t">Fargo forum and Republican</subfield></datafield></record>